@online{prirodozpyt,
	author = "KROUPOVÁ, B., VYBÍRAL, B.",
    title = "Přírodozpyt jako vyučovací předmět mezi lety 1869 a 1939",
    url = {https://mfi.upol.cz/files/23/2303/mfi_2303_187_200.pdf},
    urldate = {2023-12-19}
}
@online{historie_vyuky,
	author = "ČTRNÁCTOVÁ, H., BANÝR, J.",
    title = "Historie a současnost výuky chemie u nás",
    url = {http://www.chemicke-listy.cz/docs/full/1997_01_59-66.pdf},
    urldate = {2023-12-19}
}
@online{u_nas_v_zahranici,
	author = "VĚŽENSKÝ, J.",
    title = "Experimentální činnost ve výuce chemie v České republice a v zahraničí",
    url = {https://theses.cz/id/nsztl8/44699827},
    urldate = {2023-12-19}
}
@online{rvp_g,
	author = "",
    title = "Rámcový vzdělávací program pro gymnázia",
    url = {https://www.edu.cz/rvp-ramcove-vzdelavaci-programy/ramcove-vzdelavaci-programy-pro-gymnazia-rvp-g/},
    urldate = {2023-12-19}
}
@online{rvp_zv,
	author = "",
    title = "Rámcový vzdělávací program pro základní vzdělávání",
    url = {https://www.edu.cz/rvp-ramcove-vzdelavaci-programy/ramcovy-vzdelavacici-program-pro-zakladni-vzdelavani-rvp-zv/},
    urldate = {2023-12-19}
}
@online{oblibenost,
	author = "HÖFER, G., SVOBODA, E.",
    title = "Některé výsledky celostátního výzkumu „Vztah žáků ZŠ a SŠ k výuce obecně a zvláště pak k výuce fyziky“",
    url = {https://www.kof.zcu.cz/ak/trendy/2/sbornik/svoboda_e/srni.doc},
    urldate = {2023-12-19}
}
@online{badani,
	author = "DOSTÁL, J.",
    title = "Experiment jako součást badatelsky orientované výuky",
    url = {https://tvv-journal.upol.cz/pdfs/tvv/2013/01/02.pdf},
    urldate = {2023-12-19}
}
@online{ostrava,
	author = "SOLÁROVÁ, M.",
    title = "Jednoduché bezpečné domácí pokusy",
    url = {https://kch.osu.cz/wp-content/uploads/2021/02/Jednoduche-bezpecne-domaci-pokusy.pdf},
    urldate = {2024-03-12}
}
@online{aktivizace,
	author = "MAŇÁK, J.",
    title = "Aktivizující výukové metody",
    url = {https://clanky.rvp.cz/clanek/k/z/14483/AKTIVIZUJICI-VYUKOVE-METODY.html},
    urldate = {2024-03-13}
}
@book{citovani,
	author = "Roman Beránek",
	title = "Proč je citování nutná pakárna",
	journal = "Rozhovory se SOČkaři",
	date = {2014-10-21},
	address = "Brno"
}
